<?xml version="1.0" encoding="UTF-8"?><collection xmlns="http://www.loc.gov/MARC21/slim"><record><leader>00377nam--2200133-i-4500</leader><controlfield tag="001">000016873</controlfield><controlfield tag="002">20161230</controlfield><controlfield tag="005">20161230201032</controlfield><controlfield tag="008">060222s1000------------r-----000-0-eng-d</controlfield><datafield ind1=" " ind2=" " tag="245"><subfield code="a">Digital image processing in medicine. proceedings, hamburg</subfield></datafield><datafield ind1=" " ind2=" " tag="260"><subfield code="a">Berlin, Springer-verlag, 1981</subfield></datafield><datafield ind1=" " ind2=" " tag="490"><subfield code="a">Lecture Notes In Medical Informatics</subfield></datafield><datafield ind1=" " ind2=" " tag="700"><subfield code="a">Hohne, K.H</subfield></datafield><datafield ind1=" " ind2=" " tag="852"><subfield code="a">61:681.324</subfield></datafield></record></collection>